@inproceedings{Jacobson88,
	author = "Jacobson, V.",
	title = "{Congestion Avoidance and Control}",
	booktitle = {SIGCOMM},
        year = 1988,
}

@inproceedings{vegas,
	author = "Brakmo, L. S. and O'Malley, S. W. and Peterson, L. L.",
	title = "{TCP Vegas: New Techniques for Congestion Detection
		  and Avoidance}",
        booktitle = "{SIGCOMM}",
        year = 1994,
}

@inproceedings{newreno,
	author = "Hoe, J. C.",
	title = "{Improving the Start-up Behavior of a Congestion Control Scheme for TCP}",
        booktitle = "{SIGCOMM}",
        year = 1996,
}

@inproceedings{binomial,
	author = "Bansal, D. and Balakrishnan, H.",
        title = "{Binomial Congestion Control Algorithms}",
        booktitle = "{INFOCOM}",
        year = 2001,
}

@inproceedings{slowcc,
	author = "D. Bansal and H. Balakrishnan and S. Floyd and S. Shenker",
	title = "{Dynamic Behavior of Slowly-Responsive Congestion Control Algorithms}",
        booktitle = "{SIGCOMM}",
        year = 2001,
}

@inproceedings{ebcc,
   author = "Floyd, S. and Handley, M. and Padhye, J. and Widmer, J.",
   title = "{Equation-Based Congestion Control for Unicast Applications}",
   booktitle = "{SIGCOMM}",
   year = 2000,
}

@article{cubic,
  author = "Sangtae Ha and Injong Rhee and Lisong Xu",
  title = "{CUBIC: A New TCP-Friendly High-Speed TCP Variant}", 
  journal = "{ACM SIGOPS Operating System Review}",
  volume = 42, 
  number = 5, 
  month = jul,
  year = 2008, 
  pages = {64--74},
}

@article{fasttcp,
  title="{FAST TCP: Motivation, Architecture, Algorithms, Performance}",
  author={Wei, D.X. and Jin, C. and Low, S.H. and Hegde, S.},
  journal={IEEE/ACM Trans. on Networking},
  volume={14},
  number={6},
  pages={1246--1259},
  year={2006},
}

@inproceedings{xcp,
  title = "{Congestion Control for High Bandwidth-Delay Product Networks}",
  author = "Dina Katabi and Mark Handley and Chalrie Rohrs",
  booktitle = {SIGCOMM},
  year = 2002,
}

@article{Floyd93,
        author = "Floyd, S. and Jacobson, V.",
        title = "{Random Early Detection Gateways for Congestion Avoidance}",
        journal = "{IEEE/ACM Trans. on Networking}",
        year = 1993,
        volume = {1},
        number = {4},
        month = Aug,
}

@article{BLUE,
  author = "W. Feng and K. Shin and D. Kandlur and D. Saha",
  title = "{The BLUE Active Queue Management Algorithms}",
  journal = "{IEEE/ACM Trans. on Networking}",
  month = aug,
  year = 2002,
}

@inproceedings{AVQ,
  author = "S. Kunniyur and R. Srikant",
  title = "{Analysis and Design of an Adaptive Virtual Queue (AVQ) Algorithm for Active Queue Management}",
  booktitle = "{SIGCOMM}",
  year = 2001,
}

@article{ecn,
	author = "Floyd, S.",
	title = "{TCP and Explicit Congestion Notification}",
	journal = {CCR},
	month = Oct,
	year = 1994,
	volume = 24,
	number = 5,
}

@article{vcp,
  title="{One More Bit is Enough}",
  author={Xia, Y. and Subramanian, L. and Stoica, I. and Kalyanaraman, S.},
  journal={IEEE/ACM Trans. on Networking},
  volume={16},
  number={6},
  pages={1281--1294},
  year={2008},
}

@inproceedings{Clark88,
	author = "Clark, D.",
	title = "{The Design Philosophy of the DARPA Internet Protocols}",
	booktitle = {SIGCOMM},
        year = 1988,
}

@article{snoop,
	author = "Balakrishnan, H. and Seshan, S. and Katz, R.H.",
	title = "{Improving Reliable Transport and Handoff Performance
		  in Cellular Wireless Networks}",
	journal = "{ACM Wireless Networks}",
	month = Dec,
	year = 1995,
        volume = 1,
 	number = 4,  
}

@article{ltelink,
  title="{The LTE link-layer design}",
  author={Larmo, A. and Lindstrom, M. and Meyer, M. and Pelletier, G. and Torsner, J. and Wiemann, H.},
  journal={IEEE Comm. Mag.},
  volume={47},
  number={4},
  pages={52--59},
  year={2009},
}

@inproceedings{Barman02,
  title="{Effectiveness of loss labeling in improving TCP performance in wired/wireless networks}",
  author={Barman, D. and Matta, I.},
  booktitle = {ICNP},
  year={2002},
}

@inproceedings{Barman04,
  title="{A Bayesian approach for TCP to distinguish congestion from wireless losses}",
  author={Barman, D. and Matta, I.},
  booktitle = "{WiOpt}",
  year={2004},
}

@inproceedings{Biaz99,
  title={Discriminating congestion losses from wireless losses using inter-arrival times at the receiver},
  author={Biaz, S. and Vaidya, N.H.},
  booktitle={ASSET},
  year={1999},
}

@article{Cen03,
  title={End-to-end differentiation of congestion and wireless losses},
  author={Cen, S. and Cosman, P.C. and Voelker, G.M.},
  journal={EEE/ACM Trans. on Networking},
  volume={11},
  number={5},
  pages={703--717},
  year={2003},
}

@article{Samaraweera99,
  author = "N. Samaraweera",
  title = "{Non-congestion packet loss detection for TCP error recovery using wireless links}",
  journal = {IEEE Comm.},
  volume = 146,
  number = 4,
  pages = {222--230},
  mon = aug,
  year = 1999,
}

@inproceedings{westwood,
  title="{TCP Westwood: Bandwidth Estimation for Enhanced Transport over Wireless Links}",
  author={Mascolo, S. and Casetti, C. and Gerla, M. and Sanadidi, M.Y. and Wang, R.},
  booktitle={MobiCom},
  year={2001},
}

@manual{IEEE93,
        key = {IEEE93},
        title = {Draft Standard IEEE 802.11: Wireless LAN Medium
		  Access Control (MAC) and Physical Layer (PHY)
		  Specifications}, 
        organization = {IEEE P802.1-93/20b0},
}

@article{pomdp,
  author = "Kaelbling, L.P. and Littman, M.L. and Cassandra, A.R.",
  title = "{Planning and acting in partially observable stochastic domains}",
  journal = "{Artificial Intelligence}",
  volume = 101,
  pages = {99-134},
  year = 1998,
}

@inproceedings{pomdp2,
   author = "Nicolas Meuleau and Kee-Eung Kim and Leslie Pack Kaelbling and Anthony R. Cassandra",
   title = "{Solving POMDPs by Searching the Space of Finite Policies}",
   booktitle = "{Intl. Conf. on Uncertainty in Artificial Intelligence}",
   year = 1999,
}

@article{Kelly98,
  author = "F. P. Kelly and A.K. Maulloo and D.K.H. Tan",
  title = "{Rate Control in Communication Networks: Shadow Prices, Proportional Fairness and Stability}",
  journal = "{Journal of the Operational Research Society}",
  volume = 49,
  pages = {237--252},
  year = 1998,
}

@misc{rfc3819,
  title="{Advice for Internet Subnetwork Designers}",
  author={Karn, P. and Bormann, C. and Fairhurst, G. and Grossman, D. and Ludwig, R. and Mahdavi, J. and Montenegro, G. and Touch, J. and Wood, L.},
  note={RFC 3819, IETF},
  year={2004},
}

@inproceedings{damd,
  title="{Distributed algorithmic mechanism design: Recent results and future directions}",
  author={Feigenbaum, J. and Shenker, S.},
  booktitle={DIAL-M},
  year={2002},
}

@inproceedings{bgpdamd1,
  title={Mechanism design for policy routing},
  author={Feigenbaum, J. and Sami, R. and Shenker, S.},
  booktitle={PODC},
  year={2004},
}

@article{bgpdamd2,
  title="{A BGP-based mechanism for lowest-cost routing}",
  author={Feigenbaum, J. and Papadimitriou, C. and Sami, R. and Shenker, S.},
  journal={Distributed Computing},
  volume={18},
  number={1},
  pages={61--72},
  year={2005},
}

@article{fii,
  title={Architecting for innovation},
  author={Koponen, T. and Shenker, S. and Balakrishnan, H. and Feamster, N. and Ganichev, I. and Ghodsi, A. and Godfrey, P.B. and McKeown, N. and Parulkar, G. and Raghavan, B. and others},
  journal = {CCR},
  year = 2011,
}

@inproceedings{dual,
        AUTHOR="Wang, Z. and Crowcroft, J.",
        TITLE="{A New Congestion Control Scheme: Slow Start and Search (Tri-S)}",
        booktitle = {SIGCOMM},
        YEAR=1991,
}

@inproceedings{card,
        AUTHOR="Jain, R.",
        TITLE="{A Delay-based Approach for Congestion Avoidance in Interconnected Heterogeneous Computer Networks}",
        booktitle = "SIGCOMM",
        YEAR=1989,
}

@inproceedings{compound,
  title="{A Compound {TCP} Approach for High-speed and Long Distance Networks}",
  author={Tan, K. and Song, J. and Zhang, Q. and Sridharan, M.},
  booktitle="{INFOCOM}",
  year={2006},
}

@techreport{compound2,
  title="{Compound TCP: A New TCP congestion control for high-speed and long distance networks}",
  author={Sridharan, M. and Tan, K. and Bansal, D. and Thaler, D.},
  year={2008},
  institution={Internet-draft draft-sridharan-tcpm-ctcp-02}
}

@inproceedings{hotnets2011,
   author =       "Keith Winstein and Hari Balakrishnan",
   title =        "{End-to-End Transmission Control by Modeling Uncertainty about the Network State  }",
   booktitle =    {HotNets-X},
   year =         {2011},
}

@article{CoDel,
 author = {Nichols, Kathleen and Jacobson, Van},
 title = "{Controlling Queue Delay}",
 journal = {ACM Queue},
 volume = {10},
 number = {5},
 month = may,
 year = {2012},
} 

@inproceedings{bic,
  title="{Binary Increase Congestion Control (BIC) for Fast Long-Distance Networks}",
  author={Xu, L. and Harfoush, K. and Rhee, I.},
  booktitle={INFOCOM},
  year={2004},
}

@inproceedings{htcp,
  title="{H-TCP Protocol for High-Speed Long Distance Networks}",
  author={Leith, DJ and Shorten, R.},
  booktitle={PFLDNet},
  year={2004},
}

@inproceedings{choke,
  title="{CHOKe---A Stateless Active Queue Management Scheme for Approximating Fair Bandwidth Allocation}",
  author={Pan, R. and Prabhakar, B. and Psounis, K.},
  booktitle={INFOCOM},
  year={2000},
}

@inproceedings{rcp,
  title="{Making Large Scale Deployment of RCP Practical for Real Networks}",
  author={Tai, C.H. and Zhu, J. and Dukkipati, N.},
  booktitle={INFOCOM},
  year={2008},
}

@article{stochasticnum,
  author={Yi, Y. and Chiang, M.},
  title="{Stochastic Network Utility Maximisation}",
  journal={European Transactions on Telecommunications},
  volume={19},
  number={4},
  pages={421--442},
  year={2008},
  publisher={Wiley Online Library}
}

@misc{touch2012automating,
  title="{Automating the Initial Window in TCP}",
  author={Touch, J.},
  howpublished={\url{http://tools.ietf.org/html/draft-touch-tcpm-automatic-iw-03}},
  year={2012}
}

@misc{chu2012increasing,
  title="{Increasing TCP's Initial Window}",
  author={Chu, J. and Dukkipati, N. and Cheng, Y. and Mathis, M.},
  howpublished = {\url{http://tools.ietf.org/html/draft-ietf-tcpm-initcwnd-08}},
  year={2013}
}

@article{dukkipati2010argument,
  title="{An Argument for Increasing TCP's Initial Congestion Window}",
  author={Dukkipati, N. and Refice, T. and Cheng, Y. and Chu, J. and Herbert, T. and Agarwal, A. and Jain, A. and Sutin, N.},
  journal={ACM SIGCOMM Computer Communication Review},
  volume={40},
  number={3},
  pages={27--33},
  year={2010}
}

@misc{allman2010init,
  title = "{Initial Congestion Window Specification}",
  author = "M. Allman",
  howpublished = {\url{http://tools.ietf.org/html/draft-allman-tcpm-bump-initcwnd-00}},
  year = 2010,
}

@book{Srikant,
  title="{The Mathematics of Internet Congestion Control}",
  author={Srikant, R.},
  year={2004},
  publisher={Birkhauser}
}

@inproceedings{Akella02,
  title="{Selfish Behavior and Stability of the Internet: A Game-Theoretic Analysis of TCP}",
  author={Akella, A. and Seshan, S. and Karp, R. and Shenker, S. and Papadimitriou, C.},
  booktitle={SIGCOMM},
  year={2002},
}

@inproceedings{cm,
	author = "Balakrishnan, H. and Rahul, H. S. and Seshan, S.",
        title = "{An Integrated Congestion Management Architecture for Internet Hosts}",
        booktitle = {SIGCOMM},
        year = 1999,
}

@inproceedings{Tan09,
  author = "T. Lan and D. Kao and M. Chiang and A. Sabharwal", 
  title = "{An Axiomatic Theory of Fairness}",
  booktitle = {INFOCOM},
  year = 2010,
}

@article{chiujain,
	author = "Chiu, D-M. and Jain, R.",
	title = "{Analysis of the Increase and Decrease Algorithms for Congestion Avoidance in Computer Networks}",
	journal = "{Computer Networks and ISDN Systems}",
	year = 1989,
	volume = 17,
	pages = {1--14},
}


@article{decbit,
	author = "Ramakrishnan, K. K. and Jain, R.",
	title  = "{A Binary Feedback Scheme for Congestion Avoidance in Computer Networks}",
	journal = {ACM Trans. on Comp. Sys.},
	month = May,
	year = 1990,
	volume = 8,
	number = 2,
	pages = {158--181},
}

@inproceedings{dccp,
  title="{Designing DCCP: Congestion control Without Reliability}",
  author="Kohler, E. and Handley, M. and Floyd, S.",
  booktitle={SIGCOMM},
  year={2006},
}

@article{allman-ccr-trace,
  author = "M. Allman",
  title = "{Comments on Bufferbloat}",
  journal = "{ACM SIGCOMM Computer Communication Review}",
  volume = 43,
  number = 1, 
  month = jan, 
  year = 2013,
}

@article{Bernstein2002,
  title = "{The Complexity of Decentralized Control of Markov Decision Processes}",
  author = "Daniel S. Bernstein and Robert Givan and Neil Immerman and Shlomo Zilberstein",
  journal = "{Mathematics of Operations Research}", 
  volume = 27,
  number = 4,
  pages = {819--840}, 
  month = nov,
  year = 2002,
}


@inproceedings{Oliehoek2012,
  author = "Frans A. Oliehoek",
  title = "{Decentralized POMDPs}",
  booktitle = "{In Reinforcement Learning: State of the Art, Adaptation, Learning, and Optimization}",
  pages = {471--503},
  year = 2012,
}

@book{hofstadter1985metamagical,
  title="{Metamagical Themas: Questing for the Essence of Mind and Pattern}",
  author={Hofstadter, D.},
  year={1985},
  publisher={Basic books}
}

@inproceedings{dctcp,
  title="{Data Center TCP (DCTCP)}",
  author="Alizadeh, Mohammad and Greenberg, Albert and Maltz, David A and Padhye, Jitendra and Patel, Parveen and Prabhakar, Balaji and Sengupta, Sudipta and Sridharan, Murari",
  booktitle = {SIGCOMM},
  year={2010},
}

@article{octree,
  title="{Geometric Modeling Using Octree Encoding}",
  author="Meagher, Donald",
  journal="{Computer Graphics and Image Processing}",
  volume={19},
  number={2},
  pages={129--147},
  year={1982},
}

@inproceedings{sfq,
  title="{Stochastic Fairness Queueing}",
  author="McKenney, Paul E",
  booktitle={INFOCOM},
  year={1990},
}
