@article{tcpbufferbloat,
   author = {Haiqing Jiang and Yaogong Wang and Kyunghan Lee and Injong Rhee},
   title = {Tackling Bufferbloat in 3G/4G Mobile Networks},
   journal = {NCSU Technical report},
   month={March},
   year = {2012},
}


@misc{Codel:code,
howpublished="\url{http://queue.acm.org/appendices/codel.html}",
}

@inproceedings{bin-cc,
   author =       "Deepak Bansal and Hari Balakrishnan",
   title =        "{Binomial Congestion Control Algorithms}",
   booktitle =    {IEEE Infocom 2001},
   year =         {2001},
   month =        {April},
   address =      {Anchorage, AK}
}

@article{CoDel,
 author = {Nichols, Kathleen and Jacobson, Van},
 title = {Controlling Queue Delay},
 journal = {ACM Queue},
 volume = {10},
 number = {5},
 month = may,
 year = {2012},
} 

@article{audio-perkins,
 author = {Perkins, C. and Hodson, O. and Hardman, V.},
 title = {A survey of packet loss recovery techniques for streaming audio},
 journal = {Netwrk. Mag. of Global Internetwkg.},
 issue_date = {September 1998},
 volume = {12},
 number = {5},
 month = sep,
 year = {1998},
 issn = {0890-8044},
 pages = {40--48},
 numpages = {9},
 url = {http://dx.doi.org/10.1109/65.730750},
 doi = {10.1109/65.730750},
 acmid = {2329271},
 publisher = {IEEE Press},
 address = {Piscataway, NJ, USA},
} 

@inproceedings{winstein2012mosh,
   author =       "Keith Winstein and Hari Balakrishnan",
   title =        "{Mosh: An Interactive Remote Shell for Mobile Clients}",
   booktitle =    {USENIX Annual Technical Conference},
   year =         {2012},
   month =        {June},
   address =      {Boston, MA}
}

@inproceedings{cmvideo,
   author =       "Nick Feamster and Hari Balakrishnan",
   title =        "{Packet Loss Recovery for Streaming Video}",
   booktitle =    {12th International Packet Video Workshop},
   year =         {2002},
   month =        {April},
   address =      {Pittsburgh, PA}
}

@inproceedings{cm,
 author = {Balakrishnan, Hari and Rahul, Hariharan S. and Seshan, Srinivasan},
 title = {An integrated congestion management architecture for Internet hosts},
 booktitle = {SIGCOMM},
 year = {1999},
}

@article{Mbone,
 author = {Casner, Stephen and Deering, Stephen},
 title = "{First IETF Internet audiocast}",
 journal = "{SIGCOMM CCR}",
 volume = {22},
 number = {3},
 month = jul,
 year = {1992},
 pages = {92--97},
} 

@misc{RTP,
 author = {Schulzrinne, H. and Casner, S. and Frederick, R. and Jacobson, V.},
 title = "{RTP: A Transport Protocol for Real-Time Applications}",
 year = {2003},
 note = "{IETF RFC 3550}",
} 

@misc{AVPF,
 author = {J. Ott and S. Wenger and N. Sato and C. Burmeister and J. Rey},
 title = "{Extended RTP Profile for Real-time Transport Control Protocol (RTCP)-Based Feedback (RTP/AVPF)}",
 year = {2006},
 note = "{IETF RFC 4585}",
} 

@misc{Opus,
 author = {JM. Valin and K. Vos and T. Terriberry},
 title = "{Definition of the Opus Audio Codec}",
 year = {2012},
 note = "{IETF RFC 6716}",
} 

@article{tcpnice,
 author = {Venkataramani, Arun and Kokku, Ravi and Dahlin, Mike},
 title = "{TCP Nice: a mechanism for background transfers}",
 journal = {SIGOPS Oper. Syst. Rev.},
 volume = {36},
 number = {SI},
 month = dec,
 year = {2002},
 pages = {329--343},
} 

@misc{LEDBAT,
 author = {S. Shalunov and G. Hazel and J. Iyengar and M. Kuehlewind},
 title = "{Low Extra Delay Background Transport (LEDBAT)}",
 year = {2012},
 note = "{IETF RFC 6817}",
}

@INPROCEEDINGS{CTCP,
author={Tan, K. and Song, J. and Zhang, Q. and Sridharan, M.},
booktitle={INFOCOM},
title="{A Compound TCP Approach for High-Speed and Long Distance Networks}",
year={2006},
}

@INPROCEEDINGS{FAST,
author={Cheng Jin and Wei, D.X. and Low, S.H.},
booktitle={INFOCOM 2004. Twenty-third AnnualJoint Conference of the IEEE Computer and Communications Societies}, title={FAST TCP: motivation, architecture, algorithms, performance},
year={2004},
month={march},
volume={4},
number={},
pages={ 2490 - 2501 vol.4},
keywords={ FAST TCP; HSTCP; Linux prototype; TCP Reno; congestion control algorithm; dynamic sharing environment; high-speed long-latency network; Linux; telecommunication congestion control; transport protocols;},
doi={10.1109/INFCOM.2004.1354670},
ISSN={0743-166X},}

@article{bufferbloat,
 author = {Gettys, Jim and Nichols, Kathleen},
 title = {Bufferbloat: Dark Buffers in the Internet},
 journal = {Queue},
 issue_date = {November 2011},
 volume = {9},
 number = {11},
 month = nov,
 year = {2011},
 issn = {1542-7730},
 pages = {40:40--40:54},
 articleno = {40},
 numpages = {15},
 url = {http://doi.acm.org/10.1145/2063166.2071893},
 doi = {10.1145/2063166.2071893},
 acmid = {2071893},
 publisher = {ACM},
 address = {New York, NY, USA},
} 

@misc{WebRTCdraft,
author = {H. Lundin and S. Holmer and H. Alvestrand},
title = "{A Google Congestion Control Algorithm for Real-Time Communication on the World Wide Web}",
year = {2012},
howpublished="\url{http://tools.ietf.org/html/draft-alvestrand-rtcweb-congestion-03}"
}

@inproceedings{Mahajan12,
 author = {Mahajan, Ratul and Padhye, Jitendra and Agarwal, Sharad and Zill, Brian},
 title = {High performance vehicular connectivity with opportunistic erasure coding},
 booktitle = {USENIX},
 year = {2012},
} 

@inproceedings{Jacobson88,
	author = "Jacobson, V.",
	title = "{Congestion Avoidance and Control}",
	booktitle = "SIGCOMM",
        year = 1988,
}

@inproceedings{Brakmo94,
	author = "Brakmo, L. S. and O'Malley, S. W. and Peterson, L. L.",
	title = "{TCP Vegas: New Techniques for Congestion Detection
		  and Avoidance}",
        booktitle = "SIGCOMM",
        year = 1994, 
}


@inproceedings{ebcc,
   author = "Floyd, S. and Handley, M. and Padhye, J. and Widmer, J.",
   title = "{Equation-Based Congestion Control for Unicast Applications}",
   booktitle = "SIGCOMM",
   year = 2000,
}


@inproceedings{binomial,
	author = "Bansal, D. and Balakrishnan, H.",
        title = "{Binomial Congestion Control Algorithms}",
        booktitle = "INFOCOM",
        year = 2001,
}

@inproceedings{slowcc-dynamic,
	author = "D. Bansal and H. Balakrishnan and S. Floyd and S. Shenker",
	title = "{Dynamic Behavior of Slowly-Responsive Congestion Control Algorithms}",
        booktitle = "SIGCOMM",
        year = 2001,
}

@inproceedings{alf,
	author = "Clark, D. and Tennenhouse, D.",
	title = "{Architectural Considerations for a New Generation of Protocols}",
        booktitle = {SIGCOMM},
        year = 1990,
}

@inproceedings{Feamster01,
  author = 	 {Nick Feamster and Deepak Bansal and Hari Balakrishnan},
  title = 	 {On the Interactions Between Congestion Control and Layered Quality Adaptation for Streaming Video},
  booktitle = 	 {11th International Packet Video Workshop},
  year = 	 2001,
  address = 	 {Kyongju, Korea},
  month = 	 may,
}

@inproceedings{McCanne95,
	author = "McCanne, S. and Jacobson, V.",
	title = "{vic: A Flexible Framework for Packet Video}",
	booktitle = "{Proc. ACM Multimedia '95}",
	address = {San Francisco, CA},
	month = Nov,
	year = 1995,
}

@phdthesis{McCanne96b,
        author = "McCanne, S.",
        title = "{Scalable Compression and Transmission of {I}nternet Multicast Video}",
        school = "{Univ. of California at Berkeley}",
        year = 1996,
}

@inproceedings{Rejaie99b,
	author = "Rejaie, R. and Handley, M. and Estrin, D.",
        title = "{Quality Adaptation for Unicast Audio and Video}",
        crossref = "sigcomm1999",
}

@article{Tan99,
  author = "Tan, W. and Zakhor, A.",
  title = "{Real-time Internet Video Using Error Resilient Scalable Compression and TCP-friendly Transport Protocol}",
  journal = TOMEDIA,
  pages = "172--186",
  volume=1,
  number=2,
  month = may,
  year = 1999,
}

@inproceedings{Baset06,
  author = "S. Baset and H. Schulzrinne",
  title = "{An Analysis of the Skype Peer-to-Peer Internet Telephony Protocol}",
  booktitle = "{INFOCOM}",
  year = 2006,
}



@article{packetpair,
	author = "Keshav, S.",
	title = "{Packet-Pair Flow Control}",
	journal = "{IEEE/ACM Trans. on Networking}",
	month = Feb,
	year = 1995,
}

@inproceedings{WB11,
   author =       "Keith Winstein and Hari Balakrishnan",
   title =        "{End-to-End Transmission Control by Modeling Uncertainty about the Network State  }",
   booktitle =    {HotNets},
   year =         {2011},
}

@article{Floyd93,
        author = "Floyd, S. and Jacobson, V.",
        title = "{Random Early Detection Gateways for Congestion Avoidance}",
        journal = "{IEEE/ACM Trans. on Networking}",
        year = 1993,
        volume = {1},
        number = {4},
        month = aug,
}

@article{BLUE,
  author = "W. Feng and K. Shin and D. Kandlur and D. Saha",
  title = "{The BLUE active queue management algorithms}",
  journal = "{IEEE/ACM Trans. on Networking}",
  month = aug,
  year = 2002,
}

@inproceedings{AVQ,
  author = "S. Kunniyur and R. Srikanth",
  title = "{Analysis and design of an adaptive virtual queue (AVQ) algorithm for active queue management}",
  booktitle = "{SIGCOMM}",
  year = 2001,
}

@inproceedings{Cox84,
  author = "D.R. Cox",
  title = "{Long-range dependence: A review}",
  booktitle="{H.A. David and H.T. David, editors, Statistics: An Appraisal}",
  pages = "55--74",
  year = 1984,
  publisher = "{Iowa State University Press}",
}

@article{Paxson95,
	author = "Paxson, V. and Floyd, S.",
	title = "{Wide-Area Traffic: The Failure of Poisson Modeling}",
	journal = "{IEEE/ACM Trans. on Networking}",
	volume = 3,
	number = 3,
	month = jun,
	year = 1995,
	pages = {226-244},
}

@article{propfair,
  author = "P. Bender and P. Black and M. Grob and R. Padovani and N. Sindhushyana and A. Viterbi",
  title = "{A bandwidth efficient high speed wireless data service for nomadic users}",
   journal = "{IEEE Communications Magazine}",
   month = jul,
   year = 2000,
}
